@article{Le2014Distributed,
	title={Distributed Representations of Sentences and Documents},
	author={Le, Quoc V and Mikolov, Tomas},
	volume={4},
	pages={II-1188},
	year={2014},
}


@article{Vaswani2017Attention,
	title={Attention Is All You Need},
	author={Vaswani, Ashish and Shazeer, Noam and Parmar, Niki and Uszkoreit, Jakob and Jones, Llion and Gomez, Aidan N and Kaiser, Lukasz and Polosukhin, Illia},
	year={2017},
}
@ARTICLE{2018arXiv180106146H,
	author = {{Howard}, J. and {Ruder}, S.},
	title = "{Universal Language Model Fine-tuning for Text Classification}",
	journal = {ArXiv e-prints},
	archivePrefix = "arXiv",
	eprint = {1801.06146},
	primaryClass = "cs.CL",
	keywords = {Computer Science - Computation and Language, Computer Science - Learning, Statistics - Machine Learning},
	year = {2018},
	month = jan,
	adsurl = {http://adsabs.harvard.edu/abs/2018arXiv180106146H},
	adsnote = {Provided by the SAO/NASA Astrophysics Data System}
}
@InProceedings{10.1007/BFb0026683,
	author="Joachims, Thorsten",
	editor="N{\'e}dellec, Claire
	and Rouveirol, C{\'e}line",
	title="Text categorization with Support Vector Machines: Learning with many relevant features",
	booktitle="Machine Learning: ECML-98",
	year="1998",
	publisher="Springer Berlin Heidelberg",
	address="Berlin, Heidelberg",
	pages="137--142",
	abstract="This paper explores the use of Support Vector Machines (SVMs) for learning text classifiers from examples. It analyzes the particular properties of learning with text data and identifies why SVMs are appropriate for this task. Empirical results support the theoretical findings. SVMs achieve substantial improvements over the currently best performing methods and behave robustly over a variety of different learning tasks. Furthermore they are fully automatic, eliminating the need for manual parameter tuning.",
	isbn="978-3-540-69781-7"
}
@inproceedings{Pennington2014Glove,
	title={Glove: Global Vectors for Word Representation},
	author={Pennington, Jeffrey and Socher, Richard and Manning, Christopher},
	booktitle={Conference on Empirical Methods in Natural Language Processing},
	pages={1532-1543},
	year={2014},
}
@article{Mikolov2013Distributed,
	title={Distributed Representations of Words and Phrases and their Compositionality},
	author={Mikolov, Tomas and Sutskever, Ilya and Chen, Kai and Corrado, Greg and Dean, Jeffrey},
	journal={Advances in Neural Information Processing Systems},
	volume={26},
	pages={3111-3119},
	year={2013},
}
@ARTICLE{2014arXiv1408.5882K,
	author = {{Kim}, Y.},
	title = "{Convolutional Neural Networks for Sentence Classification}",
	journal = {ArXiv e-prints},
	archivePrefix = "arXiv",
	eprint = {1408.5882},
	primaryClass = "cs.CL",
	keywords = {Computer Science - Computation and Language, Computer Science - Neural and Evolutionary Computing},
	year = 2014,
	month = aug,
	adsurl = {http://adsabs.harvard.edu/abs/2014arXiv1408.5882K},
	adsnote = {Provided by the SAO/NASA Astrophysics Data System}
}


@inproceedings{Ye2017Determining,
	title={Determining Gains Acquired from Word Embedding Quantitatively Using Discrete Distribution Clustering},
	author={Ye, Jianbo and Li, Yanran and Wu, Zhaohui and Wang, James Z. and Li, Wenjie and Li, Jia and Ye, Jianbo and Li, Yanran and Wu, Zhaohui and Wang, James Z.},
	booktitle={Meeting of the Association for Computational Linguistics},
	pages={1847-1856},
	year={2017},
}
@article{Le2014Distributed,
	title={Distributed Representations of Sentences and Documents},
	author={Le, Quoc V and Mikolov, Tomas},
	volume={4},
	pages={II-1188},
	year={2014},
}
@inproceedings{Kenter2016Siamese,
	title={Siamese CBOW: Optimizing Word Embeddings for Sentence Representations},
	author={Kenter, Tom and Borisov, Alexey and Rijke, Maarten De},
	booktitle={Meeting of the Association for Computational Linguistics},
	pages={941-951},
	year={2016},
}

@inproceedings{Kusner2015From,
	title={From word embeddings to document distances},
	author={Kusner, Matt J. and Sun, Yu and Kolkin, Nicholas I. and Weinberger, Kilian Q.},
	booktitle={International Conference on International Conference on Machine Learning},
	pages={957-966},
	year={2015},
}
@ARTICLE{2015arXiv151108198W,
	author = {{Wieting}, J. and {Bansal}, M. and {Gimpel}, K. and {Livescu}, K.
	},
	title = "{Towards Universal Paraphrastic Sentence Embeddings}",
	journal = {ArXiv e-prints},
	archivePrefix = "arXiv",
	eprint = {1511.08198},
	primaryClass = "cs.CL",
	keywords = {Computer Science - Computation and Language, Computer Science - Learning},
	year = 2015,
	month = nov,
	adsurl = {http://adsabs.harvard.edu/abs/2015arXiv151108198W},
	adsnote = {Provided by the SAO/NASA Astrophysics Data System}
}


@inproceedings{Iyyer2015Deep,
	title={Deep Unordered Composition Rivals Syntactic Methods for Text Classification},
	author={Iyyer, Mohit and Manjunatha, Varun and Boyd-Graber, Jordan and Iii, Hal Daum√©},
	booktitle={Meeting of the Association for Computational Linguistics and the  International Joint Conference on Natural Language Processing},
	pages={1681-1691},
	year={2015},
}

@article{Mccallum1998A,
	title={A comparison of event models for naive bayes text classification},
	author={Mccallum, A},
	journal={IN AAAI-98 WORKSHOP ON LEARNING FOR TEXT CATEGORIZATION},
	pages={41--48},
	year={1998},
}

@article{004017007000000245,
	author = {Alexander Genkin and David D Lewis and David Madigan},
	title = {Large-Scale Bayesian Logistic Regression for Text Categorization},
	journal = {Technometrics},
	volume = {49},
	number = {3},
	pages = {291-304},
	year  = {2007},
	publisher = {Taylor & Francis},
	doi = {10.1198/004017007000000245},
	
	URL = { 
	https://doi.org/10.1198/004017007000000245
	
	},
	eprint = { 
	https://doi.org/10.1198/004017007000000245
	
	}
	
}
@article{bojanowski2017enriching,
	title={Enriching Word Vectors with Subword Information},
	author={Bojanowski, Piotr and Grave, Edouard and Joulin, Armand and Mikolov, Tomas},
	journal={Transactions of the Association for Computational Linguistics},
	volume={5},
	year={2017},
	issn={2307-387X},
	pages={135--146}
}
@INPROCEEDINGS{4811259,
	author={W. Zhang and T. Yoshida and X. Tang},
	booktitle={2008 IEEE International Conference on Systems, Man and Cybernetics},
	title={TFIDF, LSI and multi-word in information retrieval and text categorization},
	year={2008},
	volume={},
	number={},
	pages={108-113},
	keywords={information retrieval;text analysis;LSI;TFIDF;contextual semantics;information retrieval;latent semantic indexing;rescaling factor;term frequency inverse document frequency;text categorization;text classification;text representation;text-based intelligent information processing;traditional indexing methods;vector space model;Context modeling;Data mining;Frequency;Indexing;Information processing;Information retrieval;Large scale integration;Mathematics;Text categorization;Text mining;LSI;TF*IDF;multi-word;text classification;text representation},
	doi={10.1109/ICSMC.2008.4811259},
	ISSN={1062-922X},
	month={Oct},}
@ARTICLE{2018arXiv180400538Z,
	author = {{Zhao}, W. and {Ye}, J. and {Yang}, M. and {Lei}, Z. and {Zhang}, S. and 
	{Zhao}, Z.},
	title = "{Investigating Capsule Networks with Dynamic Routing for Text Classification}",
	journal = {ArXiv e-prints},
	archivePrefix = "arXiv",
	eprint = {1804.00538},
	primaryClass = "cs.CL",
	keywords = {Computer Science - Computation and Language, Computer Science - Artificial Intelligence},
	year = 2018,
	month = mar,
	adsurl = {http://adsabs.harvard.edu/abs/2018arXiv180400538Z},
	adsnote = {Provided by the SAO/NASA Astrophysics Data System}
}


@ARTICLE{2017arXiv171009829S,
	author = {{Sabour}, S. and {Frosst}, N. and {E Hinton}, G.},
	title = "{Dynamic Routing Between Capsules}",
	journal = {ArXiv e-prints},
	archivePrefix = "arXiv",
	eprint = {1710.09829},
	primaryClass = "cs.CV",
	keywords = {Computer Science - Computer Vision and Pattern Recognition},
	year = 2017,
	month = oct,s
	adsurl = {http://adsabs.harvard.edu/abs/2017arXiv171009829S},
	adsnote = {Provided by the SAO/NASA Astrophysics Data System}
}

@INPROCEEDINGS{8004872,
	author={W. Wang and M. Zhu and J. Wang and X. Zeng and Z. Yang},
	booktitle={2017 IEEE International Conference on Intelligence and Security Informatics (ISI)},
	title={End-to-end encrypted traffic classification with one-dimensional convolution neural networks},
	year={2017},
	volume={},
	number={},
	pages={43-48},
	keywords={computer network security;cryptography;telecommunication network management;telecommunication traffic;virtual private networks;cyberspace security;encrypted traffic;encryption techniques;end-to-end encrypted traffic classification;end-to-end method;feature extraction;feature selection;network management;one dimensional convolution neural networks;public ISCX VPN-nonVPN traffic dataset;unified end-to-end framework;Data models;Encryption;Feature extraction;Protocols;Training;encrypted traffic classification;end-to-end;one-dimensional convolutional neural networks},
	doi={10.1109/ISI.2017.8004872},
	ISSN={},
	month={July},}


@article{joulin2016bag,
	title={Bag of Tricks for Efficient Text Classification},
	author={Joulin, Armand and Grave, Edouard and Bojanowski, Piotr and Mikolov, Tomas},
	journal={arXiv preprint arXiv:1607.01759},
	year={2016}
}